@book{Brown59,
  author    = {R. G. Brown},
  title     = {Statistical forecasting for inventory control},
  publisher = {McGraw-Hill, New York},
  year      = {1959}
}

@book{Brown63,
  author    = {R. G. Brown},
  title     = {Smoothing, forecasting and prediction of discrete time series},
  publisher = {Englewood Cliffs, New Jersey: Prentice Hall},
  year      = {1963}
}

@article{CKOS01,
  author  = {C. Chatfield and A. B. Koehler and J. K. Ord and R. D. Snyder},
  title   = {A new look at models for exponential smoothing},
  journal = {The Statistician},
  volume  = {50},
  number  = {2},
  pages   = {147--159},
  year    = {2001}
}

@techreport{Holt57,
  author      = {C. E. Holt},
  title       = {Forecasting trends and seasonals by exponentially weighted averages},
  year        = {1957},
  institution = {Carnegie Institute of Technology},
  type        = {O.N.R. Memorandum},
  number      = {52/1957}
}

@article{HKSG02,
  author  = {R. J. Hyndman and A. B. Koehler and R. D. Snyder and S. Grose},
  title   = {A state space framework for automatic forecasting using
             exponential smoothing methods},
  journal = {International Journal of Forecasting},
  volume  = {18},
  number  = {3},
  pages   = {439--454},
  year    = {2002}
}

@article{M1comp,
  author  = {S. Makridakis and A. Anderson and R. Carbone and R. Fildes and M. Hibon and
             R. Lewandowskiand J. Newton and E. Parzen and R. Winkler},
  title   = {The accuracy of extrapolation (time series) methods: results of a forecasting competition},
  journal = {Journal of Forecasting},
  volume  = {1},
  number  = {},
  pages   = {111--153},
  year    = {1982}
}
@article{MH79,
  author  = {S. Makridakis and M. Hibon},
  title   = {Accuracy of forecasting: an empirical investigation (with discussion)},
  journal = {Journal of Royal Statistical Society (A)},
  volume  = {142},
  number  = {},
  pages   = {97--145},
  year    = {1979}
}
@article{OKS97,
  author  = {J. K. Ord and A. B. Koehler and R. D. Snyder},
  title   = {Estimation and prediction for a class of dynamic nonlinear statistical models},
  journal = {Journal of American Statistical Association},
  volume  = {92},
  number  = {},
  pages   = {1621--1629},
  year    = {1997}
}
@article{Winters60,
  author  = {P. R. Winters},
  title   = {Forecasting sales by exponentially weighted moving averages},
  journal = {Management Science},
  volume  = {6},
  number  = {},
  pages   = {324--342},
  year    = {1960}
}

@manual{renv,
  title  = {{renv}: Project Environments},
  author = {Kevin Ushey},
  year   = {2022},
  note   = {R package version 0.16.0},
  url    = {https://CRAN.R-project.org/package=renv}
}

@article{moss2019,
	title = {What can urban mobility data reveal about the spatial distribution of infection in a single city?},
	author = {Moss, Robert and Naghizade, Elham and Tomko, Martin and Geard, Nicholas},
	year = {2019},
	month = {05},
	date = {2019-05-29},
	journal = {BMC Public Health},
	pages = {656},
	volume = {19},
	number = {1},
	doi = {10.1186/s12889-019-6968-x},
	url = {https://doi.org/10.1186/s12889-019-6968-x}
}

@article{kermack1997,
	title = {A contribution to the mathematical theory of epidemics},
	author = {Kermack, William Ogilvy and McKendrick, A. G. and Walker, Gilbert Thomas},
	year = {1997},
	month = {01},
	date = {1997-01},
	journal = {Proceedings of the Royal Society of London. Series A, Containing Papers of a Mathematical and Physical Character},
	pages = {700--721},
	volume = {115},
	number = {772},
	doi = {10.1098/rspa.1927.0118},
	url = {https://royalsocietypublishing.org/doi/10.1098/rspa.1927.0118},
	note = {Publisher: Royal Society}
}

@book{brauer2019,
	title = {Mathematical Models in Epidemiology},
	author = {Brauer, Fred and Castillo-Chavez, Carlos and Feng, Zhilan},
	year = {2019},
	date = {2019},
	publisher = {Springer New York},
	series = {Texts in Applied Mathematics},
	volume = {69},
	doi = {10.1007/978-1-4939-9828-9},
	url = {https://link.springer.com/10.1007/978-1-4939-9828-9},
	note = {DOI: 10.1007/978-1-4939-9828-9},
	address = {New York, NY},
	langid = {en}
}

@book{allen2015,
	title = {Stochastic Population and Epidemic Models: Persistence and Extinction},
	author = {Allen, Linda J. S.},
	year = {2015},
	date = {2015},
	publisher = {Springer International Publishing},
	doi = {10.1007/978-3-319-21554-9},
	url = {https://link.springer.com/10.1007/978-3-319-21554-9},
	note = {DOI: 10.1007/978-3-319-21554-9},
	address = {Cham},
	langid = {en}
}

@article{chen2019,
	title = {Metapopulation Model from Pathogen{\textquoteright}s Perspective: A Versatile Framework to Quantify Pathogen Transfer and Circulation between Environment and Hosts},
	author = {Chen, Shi and Lanzas, Cristina and Lee, Chihoon and Zenarosa, Gabriel L. and Arif, Ahmed A. and Dulin, Michael},
	year = {2019},
	month = {02},
	date = {2019-02-08},
	journal = {Scientific Reports},
	pages = {1694},
	volume = {9},
	number = {1},
	doi = {10.1038/s41598-018-37938-0},
	url = {https://www.nature.com/articles/s41598-018-37938-0},
	note = {Number: 1
Publisher: Nature Publishing Group},
	langid = {en}
}

@article{hanski1989,
	title = {Metapopulation dynamics: Does it help to have more of the same?},
	author = {Hanski, Ilkka},
	year = {1989},
	month = {04},
	date = {1989-04-01},
	journal = {Trends in Ecology & Evolution},
	pages = {113--114},
	volume = {4},
	number = {4},
	doi = {10.1016/0169-5347(89)90061-X},
	url = {https://www.sciencedirect.com/science/article/pii/016953478990061X},
	langid = {en}
}


@standard{2023AustralianStatisticalGeographya,
	title = {Australian Statistical Geography Standard (ASGS)},
	author = {ABS},
	year = {2023}
}
